@Manual{ krivine2009,
	title = "Simplx 4 release documentation",
	author = "J. Krivine",
	month = jun,
	year = "2009"
}

@Misc{ JFreeChartwebsite,
	title = "JFreeChart website http://www.jfree.org/jfreechart/",
	url = "http://www.jfree.org/jfreechart/",
	year = "2010",
	author = "David Gilbert and others"
}

@Article{ yang2008kinetic,
	title = "{Kinetic Monte Carlo method for rule-based modeling of biochemical networks}",
	author = "J. Yang and M.I. Monine and J.R. Faeder and W.S. Hlavacek",
	journal = "Physical Review E",
	volume = "78",
	number = "3",
	pages = "31910",
	year = "2008",
	publisher = "APS"
}

@Manual{ krivine2012,
	title = "KaSim manual (v 2.0)",
	author = "J. Krivine",
	edition = "v2.0",
	year = "2012",
	url = "https://github.com/downloads/jkrivine/KaSim/KaSim_manual.pdf"
}

